<record><leader>00000cas a22000007a 4500</leader><controlfield tag="001">19335968</controlfield><controlfield tag="008">890309d19201921pauwn ne      0    0eng d</controlfield><datafield ind1=" " ind2=" " tag="010"><subfield code="a">sn 89077089 </subfield></datafield><datafield ind1=" " ind2=" " tag="040"><subfield code="a">NPH</subfield><subfield code="b">eng</subfield><subfield code="c">NPH</subfield><subfield code="d">OCLCQ</subfield></datafield><datafield ind1=" " ind2=" " tag="042"><subfield code="a">msc</subfield></datafield><datafield ind1="0" ind2=" " tag="130"><subfield code="a">Evening ledger (Ellwood City, Pa.)</subfield></datafield><datafield ind1="1" ind2="4" tag="245"><subfield code="a">The evening ledger.</subfield></datafield><datafield ind1=" " ind2=" " tag="260"><subfield code="a">Ellwood City, Pa. :</subfield><subfield code="b">Citizens Print. and Pub. Co.,</subfield><subfield code="c">1920-1921.</subfield></datafield><datafield ind1=" " ind2=" " tag="300"><subfield code="a">v.</subfield></datafield><datafield ind1=" " ind2=" " tag="310"><subfield code="a">Daily (except Sun.)</subfield></datafield><datafield ind1="0" ind2=" " tag="362"><subfield code="a">Vol. 1, no. 1 (Mar. 29, 1920)-v. 2, no. 24 (Apr. 25, 1921).</subfield></datafield><datafield ind1=" " ind2=" " tag="752"><subfield code="a">United States</subfield><subfield code="b">Pennsylvania</subfield><subfield code="c">Lawrence</subfield><subfield code="d">Ellwood City.</subfield></datafield><datafield ind1="0" ind2="4" tag="780"><subfield code="t">Ellwood citizen</subfield><subfield code="w">(DLC)sn 89077088</subfield></datafield><datafield ind1="0" ind2="4" tag="780"><subfield code="t">Shelby beacon</subfield></datafield><datafield ind1="0" ind2="0" tag="785"><subfield code="t">Ellwood City ledger</subfield><subfield code="w">(DLC)sn 87078100</subfield></datafield></record>